@article{dunn1926additional,
  title={Additional frogs from Cuba.},
  author={Dunn, Emmett Reid},
  year={1926},
  publisher={[Boston, Boston Society of Natural History].}
}
@article{alonso2001patrones,
  title={Patrones de actividad ac{\'u}stica y tr{\'o}fica de machos cantores de Eleutherodactylus eileenae (Anura: Leptodactylidae)},
  author={Alonso, Roberto and Rodr{\'\i}guez-G{\'o}mez, Ariel and Estrada, Alberto R},
  journal={Revista espa{\~n}ola de herpetolog{\'\i}a},
  volume={15},
  number={2001},
  pages={45--52},
  year={2001}
}

@article{alonso2001llamadas,
  title={Llamadas del repertorio vocal de Eleutherodactylus eileenae (Anura: Leptodactylidae) del occidente de Cuba},
  author={Alonso Bosch, Roberto and Rodr{\'\i}guez G{\'o}mez, Ariel},
  journal={Cuadernos de Herpetolog{\'\i}a},
  volume={14},
  year={2001}
}
@article{diaz2006guia,
  title={Gu{\'\i}a descriptiva para la identificaci{\'o}n de las llamadas de anuncio de las ranas cubanas del g{\'e}nero Eleutherodactylus (Anura: Leptodactylidae)},
  author={D{\'\i}az, Luis M and C{\'a}diz, Antonio},
  journal={Herpetotropicos},
  volume={3},
  number={2},
  year={2006}
}
@book{diaz2008guia,
  title={Gu{\'\i}a taxon{\'o}mica de los anfibios de Cuba},
  author={D{\'\i}az, Luis M and C{\'a}diz, Antonio},
  year={2008},
  publisher={Royal Belgian Institute of Natural Sciences}
}
@article{zhang2021acoustic,
  title={Acoustic scene classification based on Mel spectrogram decomposition and model merging},
  author={Zhang, Tao and Feng, Guoqing and Liang, Jinhua and An, Tong},
  journal={Applied Acoustics},
  volume={182},
  pages={108258},
  year={2021},
  publisher={Elsevier}
}

@article{farina2018ecoacoustics,
  title={Ecoacoustics: A quantitative approach to investigate the ecological role of environmental sounds},
  author={Farina, Almo},
  journal={Mathematics},
  volume={7},
  number={1},
  pages={21},
  year={2018},
  publisher={MDPI}
}
@article{costa2021comparing,
  title={Comparing cross correlation-based similarities},
  author={Costa, Luciano da F},
  journal={arXiv preprint arXiv:2111.08513},
  year={2021}
}
@article{blumstein2011acoustic,
  title={Acoustic monitoring in terrestrial environments using microphone arrays: applications, technological considerations and prospectus},
  author={Blumstein, Daniel T and Mennill, Daniel J and Clemins, Patrick and Girod, Lewis and Yao, Kung and Patricelli, Gail and Deppe, Jill L and Krakauer, Alan H and Clark, Christopher and Cortopassi, Kathryn A and others},
  journal={Journal of Applied Ecology},
  volume={48},
  number={3},
  pages={758--767},
  year={2011},
  publisher={Wiley Online Library}
}
@article{woolbright1985patterns,
  title={Patterns of nocturnal movement and calling by the tropical frog Eleutherodactylus coqui},
  author={Woolbright, Lawrence L},
  journal={Herpetologica},
  pages={1--9},
  year={1985},
  publisher={JSTOR}
}

@article{schwartz1958new,
  title={A new frog of the auriculatus Group of the genus Eleutherodactylus from Western Cuba},
  author={Schwartz, Albert},
  journal={Herpetologica},
  volume={14},
  number={2},
  pages={69--77},
  year={1958},
  publisher={JSTOR}
}
@article{estrada1994herpetofauna,
  title={Herpetofauna de la Cuenca Banao-Higuanojo, Sancti Sp{\'\i}ritus, Cuba},
  author={Estrada, AR},
  journal={Revista de la Academia Colombiana de Ciencias},
  volume={19},
  pages={353--360},
  year={1994}
}

@article{estrada1984nuevas,
  title={Nuevas localidades para Eleutherodactylus eileenae Dunn (Amphibia: Anura: Leptodactylidae) de Cuba},
  author={Estrada, AR},
  journal={Misc. Zool., Academia de Ciencias de Cuba},
  volume={22},
  number={4},
  year={1984}
}

@article{acevedo2009automated,
  title={Automated classification of bird and amphibian calls using machine learning: A comparison of methods},
  author={Acevedo, Miguel A and Corrada-Bravo, Carlos J and Corrada-Bravo, H{\'e}ctor and Villanueva-Rivera, Luis J and Aide, T Mitchell},
  journal={Ecological Informatics},
  volume={4},
  number={4},
  pages={206--214},
  year={2009},
  publisher={Elsevier}
}


@article{schneidman2006weak,
  title={Weak pairwise correlations imply strongly correlated network states in a neural population},
  author={Schneidman, Elad and Berry, Michael J and Segev, Ronen and Bialek, William},
  journal={Nature},
  volume={440},
  number={7087},
  pages={1007--1012},
  year={2006},
  publisher={Nature Publishing Group UK London}
}


@article{mora2011biological,
  title={Are biological systems poised at criticality?},
  author={Mora, Thierry and Bialek, William},
  journal={Journal of Statistical Physics},
  volume={144},
  pages={268--302},
  year={2011},
  publisher={Springer}
}

@book{bialek2012biophysics,
  title={Biophysics: searching for principles},
  author={Bialek, William},
  year={2012},
  publisher={Princeton University Press}
}
@article{reyes2019transmission,
  title={Transmission of danger information past physical barriers by ants},
  author={Reyes, A and Curbelo, M and Tejera, F and Rivera, A and Simon, G and Ramos, O and Turner, MS and Altshuler, E},
  journal={arXiv preprint arXiv:1904.03236},
  year={2019}
}
@misc{macaulaylibrary1929,
  author        = {{Cornell Lab of Ornithology}},
  title         = {Early Milestones (1920-1950)},
  howpublished  = {Macaulay Library website},
  year          = {n.d.},
  note          = {“1929: Allen and Kellogg made the first recordings of wild birds in Ithaca.”},
  url           = {https://www.macaulaylibrary.org/about/history/early-milestones/}
}

@misc{allaboutbirds1929,
  author        = {{Cornell Lab of Ornithology}},
  title         = {The Birth of Natural Sound Recording},
  howpublished  = {All About Birds website},
  year          = {n.d.},
  note          = {“Allen and Kellogg recorded a Song Sparrow, a House Wren and a Rose-breasted Grosbeak on May 18, 1929.”},
  url           = {https://www.allaboutbirds.org/news/the-birth-of-natural-sound-recording/}
}
@article{canas2023dataset,
  title={A dataset for benchmarking neotropical anuran calls identification in passive acoustic monitoring},
  author={Ca{\~n}as, Juan Sebasti{\'a}n and Toro-G{\'o}mez, Mar{\'\i}a Paula and Sugai, Larissa Sayuri Moreira and Ben{\'\i}tez Restrepo, Hern{\'a}n Dar{\'\i}o and Rudas, Jorge and Posso Bautista, Breyner and Toledo, Lu{\'\i}s Felipe and Dena, Simone and Domingos, Ad{\~a}o Henrique Rosa and de Souza, Franco Leandro and others},
  journal={Scientific Data},
  volume={10},
  number={1},
  pages={771},
  year={2023},
  publisher={Nature Publishing Group UK London}
}

@article{stowell2022computational,
  title={Computational bioacoustics with deep learning: a review and roadmap},
  author={Stowell, Dan},
  journal={PeerJ},
  volume={10},
  pages={e13152},
  year={2022},
  publisher={PeerJ Inc.}
}

@article{ota2020interaction,
  title={Interaction mechanisms quantified from dynamical features of frog choruses},
  author={Ota, Kaiichiro and Aihara, Ikkyu and Aoyagi, Toshio},
  journal={Royal Society open science},
  volume={7},
  number={3},
  pages={191693},
  year={2020},
  publisher={The Royal Society}
}

@phdthesis{kalra2024signal,
  title={Signal Perception in Complex Acoustic Environments: A Study on Treefrog Communication},
  author={Kalra, Lata},
  year={2024},
  school={University of Minnesota}
}
@article{cooley1965algorithm,
  title={An algorithm for the machine calculation of complex Fourier series},
  author={Cooley, James W and Tukey, John W},
  journal={Mathematics of computation},
  volume={19},
  number={90},
  pages={297--301},
  year={1965},
  publisher={JSTOR}
}

@article{mermelstein1976distance,
  title={Distance measures for speech recognition, psychological and instrumental},
  author={Mermelstein, Paul},
  journal={Pattern recognition and artificial intelligence},
  volume={116},
  pages={374--388},
  year={1976}
}

@article{xie2016detecting,
  title={Detecting frog calling activity based on acoustic event detection and multi-label learning},
  author={Xie, Jie and Michael, Towsey and Zhang, Jinglan and Roe, Paul},
  journal={Procedia Computer Science},
  volume={80},
  pages={627--638},
  year={2016},
  publisher={Elsevier}
}

@article{spiesberger1990passive,
  title={Passive localization of calling animals and sensing of their acoustic environment using acoustic tomography},
  author={Spiesberger, John L and Fristrup, Kurt M},
  journal={The american naturalist},
  volume={135},
  number={1},
  pages={107--153},
  year={1990},
  publisher={University of Chicago Press}
}
@article{stewart1983population,
  title={Population density of tropical forest frogs: relation to retreat sites},
  author={Stewart, Margaret M and Pough, F Harvey},
  journal={Science},
  volume={221},
  number={4610},
  pages={570--572},
  year={1983},
  publisher={American Association for the Advancement of Science}
}
@article{drewry1983characteristics,
  title={Characteristics of an acoustic community: Puerto Rican frogs of the genus Eleutherodactylus},
  author={Drewry, George E and Rand, A Stanley},
  journal={Copeia},
  pages={941--953},
  year={1983},
  publisher={JSTOR}
}
@article{townsend1994reproductive,
  title={Reproductive ecology of the Puerto Rican frog Eleutherodactylus coqui},
  author={Townsend, Daniel S and Stewart, Margaret M},
  journal={Journal of Herpetology},
  pages={34--40},
  year={1994},
  publisher={JSTOR}
}
@article{pieretti2011new,
  title={A new methodology to infer the singing activity of an avian community: The Acoustic Complexity Index (ACI)},
  author={Pieretti, Nadia and Farina, Almo and Morri, Davide},
  journal={Ecological indicators},
  volume={11},
  number={3},
  pages={868--873},
  year={2011},
  publisher={Elsevier}
}
@article{boelman2007multi,
  title={Multi-trophic invasion resistance in Hawaii: bioacoustics, field surveys, and airborne remote sensing},
  author={Boelman, Natalie T and Asner, Gregory P and Hart, Patrick J and Martin, Roberta E},
  journal={Ecological Applications},
  volume={17},
  number={8},
  pages={2137--2144},
  year={2007},
  publisher={Wiley Online Library}
}
@article{gan2021novel,
  title={A novel frog chorusing recognition method with acoustic indices and machine learning},
  author={Gan, Hongxiao and Zhang, Jinglan and Towsey, Michael and Truskinger, Anthony and Stark, Debra and Van Rensburg, Berndt J and Li, Yuefeng and Roe, Paul},
  journal={Future Generation Computer Systems},
  volume={125},
  pages={485--495},
  year={2021},
  publisher={Elsevier}
}

@article{brodie2020automated,
  title={Automated species identification of frog choruses in environmental recordings using acoustic indices},
  author={Brodie, Sheryn and Allen-Ankins, Slade and Towsey, Michael and Roe, Paul and Schwarzkopf, Lin},
  journal={Ecological Indicators},
  volume={119},
  pages={106852},
  year={2020},
  publisher={Elsevier}
}

@article{zeng2013maximum,
  title={Maximum likelihood reconstruction for Ising models with asynchronous updates},
  author={Zeng, Hong-Li and Alava, Mikko and Aurell, Erik and Hertz, John and Roudi, Yasser},
  journal={Physical review letters},
  volume={110},
  number={21},
  pages={210601},
  year={2013},
  publisher={APS}
}

@article{chau2017inverse,
  title={Inverse statistical problems: from the inverse ising problem to data science},
  author={Chau Nguyen, H and Zecchina, Riccardo and Berg, Johannes},
  journal={Advances in Physics},
  volume={66},
  number={3},
  pages={197--261},
  year={2017},
  publisher={TAYLOR \& FRANCIS LTD 2-4 PARK SQUARE, MILTON PARK, ABINGDON OR14 4RN, OXON~…}
}

@article{tkacik2006ising,
  title={Ising models for networks of real neurons},
  author={Tkacik, Gasper and Schneidman, Elad and Berry II, Michael J and Bialek, William},
  journal={arXiv preprint q-bio/0611072},
  year={2006}
}

@article{granger1969investigating,
  title={Investigating causal relations by econometric models and cross-spectral methods},
  author={Granger, Clive WJ},
  journal={Econometrica: journal of the Econometric Society},
  pages={424--438},
  year={1969},
  publisher={JSTOR}
}

@article{porta2015wiener,
  title={Wiener--Granger causality in network physiology with applications to cardiovascular control and neuroscience},
  author={Porta, Alberto and Faes, Luca},
  journal={Proceedings of the IEEE},
  volume={104},
  number={2},
  pages={282--309},
  year={2015},
  publisher={IEEE}
}

@article{schreiber2000measuring,
  title={Measuring information transfer},
  author={Schreiber, Thomas},
  journal={Physical review letters},
  volume={85},
  number={2},
  pages={461},
  year={2000},
  publisher={APS}
}

@article{sugihara2012detecting,
  title={Detecting causality in complex ecosystems},
  author={Sugihara, George and May, Robert and Ye, Hao and Hsieh, Chih-hao and Deyle, Ethan and Fogarty, Michael and Munch, Stephan},
  journal={science},
  volume={338},
  number={6106},
  pages={496--500},
  year={2012},
  publisher={American Association for the Advancement of Science}
}
@article{ising1925beitrag,
  title={Beitrag zur theorie des ferromagnetismus},
  author={Ising, Ernst},
  journal={Zeitschrift f{\"u}r Physik},
  volume={31},
  number={1},
  pages={253--258},
  year={1925},
  publisher={Springer}
}

@article{fisher1912maximum,
  title={The maximum--likelihood--method},
  author={Fisher, RA},
  journal={Messenger in Mathematics},
  volume={41},
  pages={155--160},
  year={1912}
}

@article{towsey2014use,
  title={The use of acoustic indices to determine avian species richness in audio-recordings of the environment},
  author={Towsey, Michael and Wimmer, Jason and Williamson, Ian and Roe, Paul},
  journal={Ecological Informatics},
  volume={21},
  pages={110--119},
  year={2014},
  publisher={Elsevier}
}
@misc{jurafskyspeech,
  title={Speech and Language Processing: An Introduction to Natural Language Processing, Computational Linguistics, and Speech Recognition},
  author={Jurafsky, Daniel and Martin, James H}
}
@misc{scipy-signal,
  author    = {Virtanen, Pauli and Gommers, Ralf and Oliphant, Travis and Haberland, Matt and Reddy, Tyler and Cournapeau, David and Burovski, Evgeni and Peterson, Pearu and Weckesser, Warren and Bright, Jonathan and van der Walt, St\u00e9fan and Brett, Matthew and Wilson, Joshua and Millman, K. Jarrod and Mayorov, Nikolay and Nelson, Andrew R. and Jones, Eric and Kern, Robert and Larson, Eric and Carey, CJ and Polat, İbrahim and Feng, Yu and Moore, Eric W. and Vand erPlas, Jake and Laxalde, Damien and Perktold, Josef and Cimrman, Robert and Henriksen, Ian and Quintero, José and Harris, Charles R. and Archibald, Anne M. and Ribeiro, António H. and Pedregosa, Fabian and van Mulbregt, Paul and SciPy 1.0 Contributors},
  title     = {SciPy Signal Processing (scipy.signal)},
  year      = {2020},
  howpublished = {\url{https://docs.scipy.org/doc/scipy/reference/signal.html}}
}


































@article{calsbeek2022individual,
  title={Individual contributions to group chorus dynamics influence access to mating opportunities in wood frogs},
  author={Calsbeek, Ryan and Zamora-Camacho, Francisco Javier and Symes, Laurel B},
  journal={Ecology Letters},
  volume={25},
  number={6},
  pages={1401--1409},
  year={2022},
  publisher={Wiley Online Library}
}
@article{xie2022frog,
  title={Frog calling activity detection using lightweight CNN with multi-view spectrogram: A case study on Kroombit tinker frog},
  author={Xie, Jie and Zhu, Mingying and Hu, Kai and Zhang, Jinglan and Hines, Harry and Guo, Ya},
  journal={Machine Learning with Applications},
  volume={7},
  pages={100202},
  year={2022},
  publisher={Elsevier}
}

@article{sanchez2017methodology,
  title={A methodology for analyzing biological choruses from long-term passive acoustic monitoring in natural areas},
  author={S{\'a}nchez-Gendriz, Ignacio and Padovese, Linilson Rodrigues},
  journal={Ecological Informatics},
  volume={41},
  pages={1--10},
  year={2017},
  publisher={Elsevier}
}


@article{hill2018audiomoth,
  title={AudioMoth: Evaluation of a smart open acoustic device for monitoring biodiversity and the environment},
  author={Hill, Andrew P and Prince, Peter and Pi{\~n}a Covarrubias, Evelyn and Doncaster, C Patrick and Snaddon, Jake L and Rogers, Alex},
  journal={Methods in Ecology and Evolution},
  volume={9},
  number={5},
  pages={1199--1211},
  year={2018},
  publisher={Wiley Online Library}
}
@article{pena2001deduccion,
  title={Deducci{\'o}n de distribuciones: el m{\'e}todo de Monte Carlo},
  author={Pe{\~n}a S{\'a}nchez de Rivera, Daniel},
  journal={Fundamentos de Estad{\'\i}stica. Alianza Editorial, Madrid. pp},
  pages={220--300},
  year={2001}
}
@article{nagelkerke1991note,
  title={A note on a general definition of the coefficient of determination},
  author={Nagelkerke, Nico JD and others},
  journal={biometrika},
  volume={78},
  number={3},
  pages={691--692},
  year={1991},
  publisher={Oxford University Press}
}