@article{alonso2001patrones,
  title={Patrones de actividad ac{\'u}stica y tr{\'o}fica de machos cantores de Eleutherodactylus eileenae (Anura: Leptodactylidae)},
  author={Alonso, Roberto and Rodr{\'\i}guez-G{\'o}mez, Ariel and Estrada, Alberto R},
  journal={Revista espa{\~n}ola de herpetolog{\'\i}a},
  volume={15},
  number={2001},
  pages={45--52},
  year={2001}
}

@article{zhang2021acoustic,
  title={Acoustic scene classification based on Mel spectrogram decomposition and model merging},
  author={Zhang, Tao and Feng, Guoqing and Liang, Jinhua and An, Tong},
  journal={Applied Acoustics},
  volume={182},
  pages={108258},
  year={2021},
  publisher={Elsevier}
}

@article{costa2021comparing,
  title={Comparing cross correlation-based similarities},
  author={Costa, Luciano da F},
  journal={arXiv preprint arXiv:2111.08513},
  year={2021}
}

@misc{jurafskyspeech,
  title={Speech and Language Processing: An Introduction to Natural Language Processing, Computational Linguistics, and Speech Recognition},
  author={Jurafsky, Daniel and Martin, James H}
}

@article{farina2018ecoacoustics,
  title={Ecoacoustics: A quantitative approach to investigate the ecological role of environmental sounds},
  author={Farina, Almo},
  journal={Mathematics},
  volume={7},
  number={1},
  pages={21},
  year={2018},
  publisher={MDPI}
}

@article{calsbeek2022individual,
  title={Individual contributions to group chorus dynamics influence access to mating opportunities in wood frogs},
  author={Calsbeek, Ryan and Zamora-Camacho, Francisco Javier and Symes, Laurel B},
  journal={Ecology Letters},
  volume={25},
  number={6},
  pages={1401--1409},
  year={2022},
  publisher={Wiley Online Library}
}

@article{blumstein2011acoustic,
  title={Acoustic monitoring in terrestrial environments using microphone arrays: applications, technological considerations and prospectus},
  author={Blumstein, Daniel T and Mennill, Daniel J and Clemins, Patrick and Girod, Lewis and Yao, Kung and Patricelli, Gail and Deppe, Jill L and Krakauer, Alan H and Clark, Christopher and Cortopassi, Kathryn A and others},
  journal={Journal of Applied Ecology},
  volume={48},
  number={3},
  pages={758--767},
  year={2011},
  publisher={Wiley Online Library}
}

@article{akmentins2011vocal,
  title={Vocal repertoire of two species of Oreobates Jim{\'e}nez de la Espada, 1872 (Anura: Strabomantidae) of the Yungas Andean Forest, NW Argentina},
  author={Akmentins, Mauricio S},
  journal={Journal of Natural History},
  volume={45},
  number={29-30},
  pages={1789--1799},
  year={2011},
  publisher={Taylor \& Francis}
}

@article{akmentins2015patterns,
  title={Patterns of daily and seasonal calling activity of a direct-developing frog of the subtropical Andean forests of Argentina},
  author={Akmentins, Mauricio Sebasti{\'a}n and Pereyra, Laura Cecilia and Sanabria, Eduardo Alfredo and Vaira, Marcos},
  journal={Bioacoustics},
  volume={24},
  number={2},
  pages={89--99},
  year={2015},
  publisher={Taylor \& Francis}
}

@article{xie2022frog,
  title={Frog calling activity detection using lightweight CNN with multi-view spectrogram: A case study on Kroombit tinker frog},
  author={Xie, Jie and Zhu, Mingying and Hu, Kai and Zhang, Jinglan and Hines, Harry and Guo, Ya},
  journal={Machine Learning with Applications},
  volume={7},
  pages={100202},
  year={2022},
  publisher={Elsevier}
}

@article{gan2020data,
  title={Data selection in frog chorusing recognition with acoustic indices},
  author={Gan, Hongxiao and Zhang, Jinglan and Towsey, Michael and Truskinger, Anthony and Stark, Debra and van Rensburg, Berndt J and Li, Yuefeng and Roe, Paul},
  journal={Ecological Informatics},
  volume={60},
  pages={101160},
  year={2020},
  publisher={Elsevier}
}

@article{sanchez2017methodology,
  title={A methodology for analyzing biological choruses from long-term passive acoustic monitoring in natural areas},
  author={S{\'a}nchez-Gendriz, Ignacio and Padovese, Linilson Rodrigues},
  journal={Ecological Informatics},
  volume={41},
  pages={1--10},
  year={2017},
  publisher={Elsevier}
}

@article{zeng2013maximum,
  title={Maximum likelihood reconstruction for Ising models with asynchronous updates},
  author={Zeng, Hong-Li and Alava, Mikko and Aurell, Erik and Hertz, John and Roudi, Yasser},
  journal={Physical review letters},
  volume={110},
  number={21},
  pages={210601},
  year={2013},
  publisher={APS}
}

@article{chau2017inverse,
  title={Inverse statistical problems: from the inverse ising problem to data science},
  author={Chau Nguyen, H and Zecchina, Riccardo and Berg, Johannes},
  journal={Advances in Physics},
  volume={66},
  number={3},
  pages={197--261},
  year={2017},
  publisher={TAYLOR \& FRANCIS LTD 2-4 PARK SQUARE, MILTON PARK, ABINGDON OR14 4RN, OXON~â€¦}
}

@article{woolbright1985patterns,
  title={Patterns of nocturnal movement and calling by the tropical frog Eleutherodactylus coqui},
  author={Woolbright, Lawrence L},
  journal={Herpetologica},
  pages={1--9},
  year={1985},
  publisher={JSTOR}
}

@article{schwartz1958new,
  title={A new frog of the auriculatus Group of the genus Eleutherodactylus from Western Cuba},
  author={Schwartz, Albert},
  journal={Herpetologica},
  volume={14},
  number={2},
  pages={69--77},
  year={1958},
  publisher={JSTOR}
}
@article{estrada1994herpetofauna,
  title={Herpetofauna de la Cuenca Banao-Higuanojo, Sancti Sp{\'\i}ritus, Cuba},
  author={Estrada, AR},
  journal={Revista de la Academia Colombiana de Ciencias},
  volume={19},
  pages={353--360},
  year={1994}
}
@article{towsey2014use,
  title={The use of acoustic indices to determine avian species richness in audio-recordings of the environment},
  author={Towsey, Michael and Wimmer, Jason and Williamson, Ian and Roe, Paul},
  journal={Ecological Informatics},
  volume={21},
  pages={110--119},
  year={2014},
  publisher={Elsevier}
}

@article{acevedo2009automated,
  title={Automated classification of bird and amphibian calls using machine learning: A comparison of methods},
  author={Acevedo, Miguel A and Corrada-Bravo, Carlos J and Corrada-Bravo, H{\'e}ctor and Villanueva-Rivera, Luis J and Aide, T Mitchell},
  journal={Ecological Informatics},
  volume={4},
  number={4},
  pages={206--214},
  year={2009},
  publisher={Elsevier}
}


@article{schneidman2006weak,
  title={Weak pairwise correlations imply strongly correlated network states in a neural population},
  author={Schneidman, Elad and Berry, Michael J and Segev, Ronen and Bialek, William},
  journal={Nature},
  volume={440},
  number={7087},
  pages={1007--1012},
  year={2006},
  publisher={Nature Publishing Group UK London}
}

@article{mora2011biological,
  title={Are biological systems poised at criticality?},
  author={Mora, Thierry and Bialek, William},
  journal={Journal of Statistical Physics},
  volume={144},
  pages={268--302},
  year={2011},
  publisher={Springer}
}

@book{bialek2012biophysics,
  title={Biophysics: searching for principles},
  author={Bialek, William},
  year={2012},
  publisher={Princeton University Press}
}
@article{reyes2019transmission,
  title={Transmission of danger information past physical barriers by ants},
  author={Reyes, A and Curbelo, M and Tejera, F and Rivera, A and Simon, G and Ramos, O and Turner, MS and Altshuler, E},
  journal={arXiv preprint arXiv:1904.03236},
  year={2019}
}